@article{Anscombe1973,
	author = {Anscombe, Francis J.},
	title = {{Graphs in Statistical Analysis}},
	journal = {American Statistician},
	volume = {27},
	number = {1},
	pages = {17--21},
	year = {1973},
	month = feb,
	issn = {0003-1305},
	publisher = {Taylor {\&} Francis},
	doi = {10.1080/00031305.1973.10478966}
}

@article{Bolstadetal2015,
	author = {Bolstad, Geir H. and Cassara, Jason A. and M{\ifmmode\acute{a}\else\'{a}\fi}rquez, Eladio and Hansen, Thomas F. and van der Linde, Kim and Houle, David and P{\ifmmode\acute{e}\else\'{e}\fi}labon, Christophe},
	title = {{Complex constraints on allometry revealed by artificial selection on the wing of Drosophila melanogaster}},
	journal = {Proceedings of the National Academy of Sciences},
	volume = {112},
	number = {43},
	pages = {13284--13289},
	year = {2015},
	month = oct,
	publisher = {Proceedings of the National Academy of Sciences},
	doi = {10.1073/pnas.1505357112}
}

@article{CedergreenMadsen2002,
	author = {Cedergreen, Nina and Madsen, Tom Vindb{\ae}k},
	title = {{Nitrogen uptake by the floating macrophyte Lemna minor}},
	journal = {New Phytologist},
	volume = {155},
	number = {2},
	pages = {285--292},
	year = {2002},
	month = aug,
	issn = {0028-646X},
	publisher = {John Wiley {\&} Sons, Ltd},
	doi = {10.1046/j.1469-8137.2002.00463.x}
}

@article{Colquhoun2014,
	author = {Colquhoun, David},
	title = {{An investigation of the false discovery rate and the misinterpretation of p-values}},
	journal = {Royal Society Open Science},
	volume = {1},
	number = {3},
	pages = {140216},
	year = {2014},
	month = aug,
	issn = {2054-5703},
	publisher = {The Royal Society Publishing},
	doi = {10.1098/rsos.140216}
}

@article{Fauchaldetal2017,
	author = {Fauchald, Per and Park, Taejin and T{\o}mmervik, Hans and Myneni, Ranga and Hausner, Vera Helene},
	title = {{Arctic greening from warming promotes declines in caribou populations}},
	journal = {Science Advances},
	volume = {3},
	number = {4},
	pages = {e1601365},
	year = {2017},
	month = apr,
	issn = {2375-2548},
	publisher = {American Association for the Advancement of Science},
	doi = {10.1126/sciadv.1601365}
}

@article{Galton1886,
	author = {Galton, Francis},
	title = {{Regression Towards Mediocrity in Hereditary Stature}},
	journal = {Journal of the Anthropological Institute of Great Britain and Ireland},
	volume = {15},
	pages = {246--263},
	year = {1886}
}

@Book{Gillespie2004,
  author    = {Gillespie, John H.},
  title     = {Population genetics: a concise guide},
  publisher = {Johns Hopkins University Press},
  address   = {Baltimore, MD, USA},
  year      = {2004}
}

@article{Goldbergetal2010,
	author = {Goldberg, Emma E. and Kohn, Joshua R. and Lande, Russell and Robertson, Kelly A. and Smith, Stephen A. and Igi{\'c}, Boris},
	title = {{Species Selection Maintains Self-Incompatibility}},
	journal = {Science},
	volume = {330},
	number = {6003},
	pages = {493--495},
	year = {2010},
	month = oct,
	issn = {0036-8075},
	publisher = {American Association for the Advancement of Science},
	doi = {10.1126/science.1194513}
}

@article{Smithetal2003,
	author = {Smith, Felisa A. and Lyons, S. Kathleen and Ernest, S. K. Morgan and Jones, Kate E. and Kaufman, Dawn M. and Dayan, Tamar and Marquet, Pablo A. and Brown, James H. and Haskell, John P.},
	title = {{Body Mass of Late Quaternary Mammals}},
	journal = {Ecology},
	volume = {84},
	number = {12},
	pages = {3403},
	year = {2003},
	month = dec,
	issn = {0012-9658},
	publisher = {John Wiley {\&} Sons, Ltd},
	doi = {10.1890/02-9003}
}

@Book{Wilkinson2006,
  author    = {Wilkinson, Leland},
  title     = {{The Grammar of Graphics}},
  publisher = {Springer Science \& Business Media},
  address   = {Secaucus, NJ, USA},
  year      = {2006}
}
